% Sample database of BibTeX entries for the template.tex document

@article{Gobbert,
  author = "Matthias K. Gobbert and Christian A. Ringhofer",
  title = "An asymptotic analysis for a model of chemical vapor deposition
    on a microstructured surface",
  journal = "SIAM Journal on Applied Mathematics",
  volume = "58",
  number = "3",
  pages = "737--752",
  year = 1998}

@article{Gobbertiwce,
  author = "Matthias K. Gobbert and Timothy S. Cale and
            Christian A. Ringhofer",
  title = "The Combination of Equipment Scale and Feature Scale
    Models for Chemical Vapor Deposition Via a Homogenization Technique",
  journal = "{VLSI} Design",
  volume = 6,
  number = "1--4",
  pages = "399--403",
  year = 1998}

@article{GoPr1,
  author = "Matthias K. Gobbert and Andreas Prohl",
  title =
    "A discontinuous finite element method for solving a multiwell problem",
  journal = "SIAM Journal on Numerical Analysis",
  volume = 37,
  number = 1,
  pages = "246--268",
  year = 1999}

@unpublished{GoPr2,
  author = "Matthias K. Gobbert and Andreas Prohl",
  title = "A comparison of classical and new finite element methods
           for the computation of laminate microstructure",
  note = "Applied Numerical Mathematics, in press."}

@unpublished{Gobbertima2000,
  author = "Matthias K. Gobbert and Christian Ringhofer",
  title = "Mesoscopic Scale Modeling for Chemical Vapor Deposition
           in Semiconductor Manufacturing",
  note = "in: IMA Volumes in Mathematics and its Applications,
          Irene Gamba, David Levermore, Christian Ringhofer, editors,
          Springer-Verlag, accepted."}

@unpublished{Gobbertsiap2000,
  author = "Matthias K. Gobbert and Christian Ringhofer",
  title = "A Homogenization Technique for the {B}oltzmann Equation
    for Low Pressure Chemical Vapor Deposition",
  note = "Submitted."}

@book{Goossens94,
  author = "Michel Goossens and Frank Mittelbach and Alexander Samarin",
  title = "The {\LaTeX}\ Companion",
  publisher = "Addison-Wesley",
  year = 1994}

@book{Graetzer1996,
  author = {George Gr\"{a}tzer},
  title = "Math into LaTeX: An Introduction to LaTeX and AMS-LaTeX",
  publisher = {Birk\-h\"{a}user},
  year = 1996}

@book{Higham98,
  author = "Nicholas~J. Higham",
  title = "Handbook of Writing for the Mathematical Sciences",
  edition = "second",
  publisher = "SIAM",
  year = 1998}

@misc{Ho95,
  author = "P. Ho",
  note = "presented at the Schumacher Forum for Future Trends,
  San Diego, CA, February 1995, and private communication"}

@book{Iserles96,
  author = "Arieh Iserles", 
  title = "A First Course in the Numerical Analysis of Differential Equations",   series = "Cambridge Texts in Applied Mathematics", 
  publisher = "Cambridge University Press", 
  year = 1996}

@book{Lamport86,
  author = "Leslie Lamport",
  title = "{\LaTeX}\ User's Guide and Reference Manual",
  publisher = "Addison-Wesley",
  year = 1986,
  abstract = "{\LaTeX}\ version 2.09"}

@book{Lamport94,
  author = "Leslie Lamport",
  title = "{\LaTeX}\ User's Guide and Reference Manual",
  publisher = "Addison-Wesley",
  edition = "Second",
  year = 1994,
  abstract = "{\LaTeX}2$_\varepsilon$"}

@techreport{RaimGobbert2010Poisson,
  author = "Andrew~M. Raim and Matthias~K. Gobbert",
  title = "Parallel Performance Studies for an Elliptic Test Problem
           on the Cluster tara",
  number = "HPCF--2010--2",
  institution = "UMBC High Performance Computing Facility,
                 University of Maryland, Baltimore County",
  year = 2010,
  url = "www.umbc.edu/hpcf"}

@misc{sampledoc,
  author = "Matthias K. Gobbert",
  title = "Some {\LaTeX}\ {I}ntroduction",
  note = "You can find this document on the webpage
    \verb+http://www.math.umbc.edu/~gobbert+"}

@misc{Sharmathesis2010,
  author = "Neeraj Sharma",
  title = "A Comparative Study of Several Numerical Computational Packages",
  howpublished = "M.S.~thesis,
    Department of Mathematics and Statistics,
    University of Maryland, Baltimore County",
  year = "2010"}

@misc{homepage,
  author = "Matthias K. Gobbert",
  title = "Homepage including its sub-pages",
  note = "It can be found at the URL
          \verb+http://www.math.umbc.edu/~gobbert+"}

@misc{BigShot,
  author = "{Prof.~Dr.~Big Shot}",
  note = "Far Away University, personal communication"}

